@Article{haug84,
  author = 	 "T. Haug and E. Kj{\o}rsvik and P. Solemdal",
  title = 	 "Vertical Distribution of {A}tlantic Halibut Eggs",
  journal = 	 "Can. J. Fish. Aquat. Sci.",
  year = 	 1984,
  volume =	 41,
  pages =	 "798-804"
}

@Book{flet91,
  author = 	 "C.A.J. Fletcher",
  title = 	 "Computational Techniques for Fluid Dynamics",
  publisher =	 "Springer-Verlag",
  year =	 1991,
  volume =	 "I",
  edition =	 2
}

@Book{leve92,
  author = 	 "R.J. LeVeque",
  title = 	 "Numerical Methods for Conservation Laws",
  publisher = 	 "Birkh{\"a}user Verlag",
  year = 	 1992,
  address =	 "Basel",
  edition =	 2
}
@Book{roac72,
  author = 	 "P.J. Roache",
  title = 	 "Computational Fluid Dynamics",
  publisher = 	 "Hermosa Publishers",
  year = 	 1972,
  address =	 "Albuquerque"
}


@Article{sund83,
  author = 	 "S. Sundby",
  title = 	 "A one-dimensional model for the vertical
		  distribution of pelagic fish eggs in the mixed layer",
  journal =	 "Deep Sea Research",
  year =	 1983,
  volume =	 30,
  pages =	 "645-661"
}
@Article{sund91,
  author = 	 "S. Sundby",
  title = 	 "Factors affecting the vertical distribution of eggs",
  journal =	 "ICES mar. Sci. Symp.",
  year =	 1991,
  volume =	 192,
  pages =	 "33-38"
}


@Book{vreu93,
  author = 	 "C.B. Vreugdenhil and B. Koren",
  title = 	 "Numerical Methods for Advection -- Diffusion Problems",
  publisher = 	 "Vieweg",
  year = 	 1993,
  address =	 "Braunschweig"
}



@InCollection{vreu93b,
  author = 	 "C.B. Vreugdenhil",
  title =        "Linear central finite-difference methods",
  booktitle = 	 "Numerical Methods for Advection -- Diffusion
		  Problems",
  year =         1993,
  crossref =	 "vreu93"
}

@Article{west89,
  author = 	 "T. Westg{\aa}rd",
  title = 	 "Two models of the vertical distribution of pelagic
		  fish eggs in the turbulent upper layer of the ocean",
  journal =	 "Rapp. P.-v. R{\'e}un. Cons. int. Explor. Mer",
  year =	 1989,
  volume =	 191,
  pages =	 "195-200"
}


@Book{Sigm94,
  author = 	 "K. Sigmon",
  title = 	 "MATLAB Primer",
  edition =      4,
  publisher = 	 "CRC Press",
  year = 	 1994
}


@Manual{eato95,
  title = 	 "Octave",
  author =	 "J.W. Eaton",
  edition =	 "1.1",
  year =	 1995,
  note =	 "User manual, available by anonymous ftp 
                  from bevo.che.wisc.edu
                  in directory /pub/octave"
}




@Manual{morg94,
  title = 	 "SEAWATER: A library of MATLAB Computational Routines
		  for the Properties of Sea Water",
  author =	 "P.P. Morgan",
  organization = "CSIRO Marine Laboratories",
  year =	 1994,
  note =	 "Report 222",
}

@Book{yih77,
  author = 	 "C.-S. Yih",
  title = 	 "Fluid Mechanics",
  publisher = 	 "West River Press",
  year = 	 1977,
  address =	 "Ann Arbor"
}

@Book{rile75,
  author = 	 "J.P. Riley and G. Skirrow",
  title = 	 "Chemical Oceanography",
  publisher = 	 "Academic Press",
  year = 	 1975,
  volume =	 2,
  edition =	 2
}

@Book{sver52,
  author = 	 "H.U. Sverdrup and M.W. Johnson and R.H. Fleming",
  title = 	 "The Oceans",
  publisher = 	 "Prentice-Hall",
  year = 	 1952
}

@Article{stok1851,
  author = 	 "G.G. Stokes",
  title = 	 "On the Effect of the Internal Friction on the Motion
		  of Pendulums",
  journal =	 "Cambridge Trans.",
  year =	 1851,
  volume =	 9
}

@Misc{UNES81,
  author =	 {UNESCO},
  title =	 {Tenth rep. of the joint panel on oceanographic tables and standards},
  howpublished = {UNESCO Tech. Pap. in Marine Science No. 36},
  year =	 1981,
}

